@Misc{probprog2020instructions,
    title = {Formatting Instructions for {PROBPROG 2020} Abstracts},
    author = {Mansinghka, Vikash and Pfeffer, Avi and Tristan, Jean-Baptiste and van de Meent, Jan-Willem},
    year = {2020},
    howpublished = {\url{https://probprog.cc/2020/probprog-2020-style.zip}}
}

@article{arviz2019,
  title={ArviZ a unified library for exploratory analysis of Bayesian models in Python},
  author={Kumar, Ravin and Colin, C and Hartikainen, Ari and Martin, Osvaldo A},
  journal={J. Open Source Software},
  volume={4},
  pages={1143},
  year={2019},
  doi={10.21105/joss.01143}
}

@article{pymc32016,
  title={Probabilistic programming in Python using PyMC3},
  author={Salvatier, John and Wiecki, Thomas V and Fonnesbeck, Christopher},
  journal={PeerJ Computer Science},
  volume={2},
  pages={e55},
  year={2016},
  publisher={PeerJ Inc.}
}

@article{pyro2018,
  author = {Bingham, Eli and Chen, Jonathan P. and Jankowiak, Martin and Obermeyer, Fritz and
            Pradhan, Neeraj and Karaletsos, Theofanis and Singh, Rohit and Szerlip, Paul and
            Horsfall, Paul and Goodman, Noah D.},
  title = {{Pyro: Deep Universal Probabilistic Programming}},
  journal = {arXiv preprint arXiv:1810.09538},
  year = {2018}
}

@article{emcee2013,
  title={emcee: the MCMC hammer},
  author={Foreman-Mackey, Daniel and Hogg, David W and Lang, Dustin and Goodman, Jonathan},
  journal={Publications of the Astronomical Society of the Pacific},
  volume={125},
  number={925},
  pages={306},
  year={2013},
  publisher={IOP Publishing}
}

@article{emcee2019,
  title={emcee v3: A Python ensemble sampling toolkit for affine-invariant MCMC},
  author={Foreman-Mackey, Daniel and Farr, Will M and Sinha, Manodeep and Archibald, Anne M and Hogg, David W and Sanders, Jeremy S and Zuntz, Joe and Val-Borro, Tobias Erhardt and Pashchenko, Ilya and Abril Pla, Oriol},
  journal={Journal of Open Source Software},
  year={2019},
  doi={https://doi.org/10.21105/joss.01864}
}

@misc{stan2018language,
  title={Stan Modeling Language Users Guide and Reference Manual},
  author={{Stan Development Team}},
  year={2018},
  howpublished={\url{http://mc-stan.org}}
}

@misc{stan2018math,
  title={The Stan Math Library},
  author={{Stan Development Team}},
  year={2018},
  howpublished={\url{http://mc-stan.org}}
}

@misc{stan2018core,
  title={The Stan Core Library},
  author={{Stan Development Team}},
  year={2018},
  howpublished={\url{http://mc-stan.org}}
}

@misc{pystan2018,
  title={PyStan: the Python interface to Stan},
  author={{Stan Development Team}},
  year={2018},
  howpublished={\url{http://mc-stan.org}}
}

@misc{cmdstan2018,
  title={CmdStan: the command-line interface to Stan},
  author={Stan Development Team},
  year={2018},
  howpublished={\url{http://mc-stan.org}}
}

@article{tensorflow_probability2017,
  title={Tensorflow distributions},
  author={Dillon, Joshua V and Langmore, Ian and Tran, Dustin and Brevdo, Eugene and Vasudevan, Srinivas and Moore, Dave and Patton, Brian and Alemi, Alex and Hoffman, Matt and Saurous, Rif A},
  journal={arXiv preprint arXiv:1711.10604},
  year={2017}
}

@article{unidata2011network,
  title={Network Common Data Form (netCDF)},
  author={Unidata},
  year={2011},
  doi={10.5065/D6H70CW6}
}

@article{hoyer2017xarray,
  title     = {xarray: {N-D} labeled arrays and datasets in {Python}},
  author    = {Hoyer, S. and J. Hamman},
  journal   = {Journal of Open Research Software},
  volume    = {5},
  number    = {1},
  year      = {2017},
  publisher = {Ubiquity Press},
  doi       = {10.5334/jors.148},
  url       = {http://doi.org/10.5334/jors.148}
}

@article{gelman1992rhat,
  title={A single series from the Gibbs sampler provides a false sense of security},
  author={Gelman, Andrew and Rubin, Donald B},
  journal={Bayesian statistics},
  volume={4},
  pages={625--631},
  year={1992},
  publisher={Oxford University Press Oxford,, UK}
}

@article{watanabe2010waic,
  title={Asymptotic equivalence of Bayes cross validation and widely applicable information criterion in singular learning theory},
  author={Watanabe, Sumio},
  journal={Journal of Machine Learning Research},
  volume={11},
  number={Dec},
  pages={3571--3594},
  year={2010}
}

@book{gelman2013bayesian,
  title={Bayesian data analysis},
  author={Gelman, Andrew and Carlin, John B and Stern, Hal S and Dunson, David B and Vehtari, Aki and Rubin, Donald B},
  year={2013},
  publisher={Chapman and Hall/CRC},
  address = {New York, NY, USA},
  doi={10.1201/b16018}
}

@inproceedings{lam2015numba,
  author = {Lam, Siu Kwan and Pitrou, Antoine and Seibert, Stanley},
  title = {Numba: A LLVM-Based Python JIT Compiler},
  year = {2015},
  isbn = {9781450340052},
  publisher = {Association for Computing Machinery},
  address = {New York, NY, USA},
  url = {https://doi.org/10.1145/2833157.2833162},
  doi = {10.1145/2833157.2833162},
  booktitle = {Proceedings of the Second Workshop on the LLVM Compiler Infrastructure in HPC},
  articleno = {Article 7},
  numpages = {6},
  keywords = {LLVM, Python, compiler},
  location = {Austin, Texas},
  series = {LLVM '15}
}

@article{vehtari2019rank,
  title={Rank-normalization, folding, and localization: An improved $\widehat{R}$ for assessing convergence of MCMC},
  author={Vehtari, Aki and Gelman, Andrew and Simpson, Daniel and Carpenter, Bob and B{\"u}rkner, Paul-Christian},
  journal={arXiv preprint arXiv:1903.08008},
  year={2019}
}

@article{betancourt2016diagnosing,
  title={Diagnosing suboptimal cotangent disintegrations in Hamiltonian Monte Carlo},
  author={Betancourt, Michael},
  journal={arXiv preprint arXiv:1604.00695},
  year={2016}
}

@book{geweke1991evaluating,
  title={Evaluating the accuracy of sampling-based approaches to the calculation of posterior moments},
  author={Geweke, John},
  volume={196},
  year={1991},
  publisher={Federal Reserve Bank of Minneapolis, Research Department Minneapolis, MN},
  address={Minneapolis}
}

@article{vehtari2017practical,
  title={Practical Bayesian model evaluation using leave-one-out cross-validation and WAIC},
  author={Vehtari, Aki and Gelman, Andrew and Gabry, Jonah},
  journal={Statistics and computing},
  volume={27},
  number={5},
  pages={1413--1432},
  year={2017},
  publisher={Springer}
}

@article{vehtari2015pareto,
  title={Pareto smoothed importance sampling},
  author={Vehtari, Aki and Gelman, Andrew and Gabry, Jonah},
  journal={arXiv preprint arXiv:1507.02646},
  year={2015}
}

@article{gabry2019visualization,
  title={Visualization in Bayesian workflow},
  author={Gabry, Jonah and Simpson, Daniel and Vehtari, Aki and Betancourt, Michael and Gelman, Andrew},
  journal={Journal of the Royal Statistical Society: Series A (Statistics in Society)},
  volume={182},
  number={2},
  pages={389--402},
  year={2019},
  publisher={Wiley Online Library}
}

@article{gelman2014understanding,
  title={Understanding predictive information criteria for Bayesian models},
  author={Gelman, Andrew and Hwang, Jessica and Vehtari, Aki},
  journal={Statistics and computing},
  volume={24},
  number={6},
  pages={997--1016},
  year={2014},
  publisher={Springer}
}

@Article{Hunter2007matplotlib,
  Author    = {Hunter, J. D.},
  Title     = {Matplotlib: A 2D graphics environment},
  Journal   = {Computing in Science \& Engineering},
  Volume    = {9},
  Number    = {3},
  Pages     = {90--95},
  abstract  = {Matplotlib is a 2D graphics package used for Python for
  application development, interactive scripting, and publication-quality
  image generation across user interfaces and operating systems.},
  publisher = {IEEE COMPUTER SOC},
  doi       = {10.1109/MCSE.2007.55},
  year      = 2007
}

@article{bokeh,
title = {Bokeh: Python library for interactive visualization},
author = {{Bokeh Development Team}},
year = {2019},
url = {https://bokeh.org/},
}
